%YAML 1.1
%TAG !u! tag:unity3d.com,2011:
--- !u!1 &4000777502341492593
GameObject:
  m_ObjectHideFlags: 0
  m_CorrespondingSourceObject: {fileID: 0}
  m_PrefabInstance: {fileID: 0}
  m_PrefabAsset: {fileID: 0}
  serializedVersion: 6
  m_Component:
  - component: {fileID: 7768887202051262697}
  m_Layer: 0
  m_Name: EMOJI__NORMAN
  m_TagString: Enemy
  m_Icon: {fileID: 0}
  m_NavMeshLayer: 0
  m_StaticEditorFlags: 0
  m_IsActive: 1
--- !u!4 &7768887202051262697
Transform:
  m_ObjectHideFlags: 0
  m_CorrespondingSourceObject: {fileID: 0}
  m_PrefabInstance: {fileID: 0}
  m_PrefabAsset: {fileID: 0}
  m_GameObject: {fileID: 4000777502341492593}
  m_LocalRotation: {x: 0, y: 0.49626195, z: 0, w: 0.8681728}
  m_LocalPosition: {x: -24.377323, y: 3, z: -16.687553}
  m_LocalScale: {x: 1, y: 1, z: 1}
  m_Children:
  - {fileID: 9168950408476275029}
  - {fileID: 3728918832855144402}
  m_Father: {fileID: 0}
  m_RootOrder: 0
  m_LocalEulerAnglesHint: {x: 0, y: 59.506, z: 0}
--- !u!1001 &3080147913296249387
PrefabInstance:
  m_ObjectHideFlags: 0
  serializedVersion: 2
  m_Modification:
    m_TransformParent: {fileID: 7768887202051262697}
    m_Modifications:
    - target: {fileID: 22330260587343573, guid: 38a1f432dd73b4a3c80ac18524fd1244, type: 3}
      propertyPath: m_Height
      value: 1.5
      objectReference: {fileID: 0}
    - target: {fileID: 22330260587343573, guid: 38a1f432dd73b4a3c80ac18524fd1244, type: 3}
      propertyPath: m_BaseOffset
      value: 0.5
      objectReference: {fileID: 0}
    - target: {fileID: 5552789079038989769, guid: 38a1f432dd73b4a3c80ac18524fd1244, type: 3}
      propertyPath: chasingspeed
      value: 3
      objectReference: {fileID: 0}
    - target: {fileID: 5552789079038989769, guid: 38a1f432dd73b4a3c80ac18524fd1244, type: 3}
      propertyPath: distanceToLose
      value: 30
      objectReference: {fileID: 0}
    - target: {fileID: 5552789079038989769, guid: 38a1f432dd73b4a3c80ac18524fd1244, type: 3}
      propertyPath: distanceToStop
      value: 1
      objectReference: {fileID: 0}
    - target: {fileID: 5552789079038989769, guid: 38a1f432dd73b4a3c80ac18524fd1244, type: 3}
      propertyPath: distanceToChase
      value: 25
      objectReference: {fileID: 0}
    - target: {fileID: 5911815196222025901, guid: 38a1f432dd73b4a3c80ac18524fd1244, type: 3}
      propertyPath: _deadEmoji
      value: 
      objectReference: {fileID: 4103930755865382248}
    - target: {fileID: 5911815196222025901, guid: 38a1f432dd73b4a3c80ac18524fd1244, type: 3}
      propertyPath: _objectToSpawn.Array.data[0]
      value: 
      objectReference: {fileID: 5330299869746777382, guid: 3df81f56374c6400db9b491e3f9df131, type: 3}
    - target: {fileID: 5911815196222025903, guid: 38a1f432dd73b4a3c80ac18524fd1244, type: 3}
      propertyPath: theEC
      value: 
      objectReference: {fileID: 7471922626326599650}
    - target: {fileID: 5911815196222025903, guid: 38a1f432dd73b4a3c80ac18524fd1244, type: 3}
      propertyPath: currentHealth
      value: 1
      objectReference: {fileID: 0}
    - target: {fileID: 5911815196222025905, guid: 38a1f432dd73b4a3c80ac18524fd1244, type: 3}
      propertyPath: m_IsTrigger
      value: 1
      objectReference: {fileID: 0}
    - target: {fileID: 5911815197044372707, guid: 38a1f432dd73b4a3c80ac18524fd1244, type: 3}
      propertyPath: m_Radius
      value: 1.2754852
      objectReference: {fileID: 0}
    - target: {fileID: 5911815197044372707, guid: 38a1f432dd73b4a3c80ac18524fd1244, type: 3}
      propertyPath: m_Center.x
      value: 0.0000000017514229
      objectReference: {fileID: 0}
    - target: {fileID: 5911815197044372707, guid: 38a1f432dd73b4a3c80ac18524fd1244, type: 3}
      propertyPath: m_Center.z
      value: 0.038604025
      objectReference: {fileID: 0}
    - target: {fileID: 5911815197044372708, guid: 38a1f432dd73b4a3c80ac18524fd1244, type: 3}
      propertyPath: m_Name
      value: HurtCollider
      objectReference: {fileID: 0}
    - target: {fileID: 5911815197044372708, guid: 38a1f432dd73b4a3c80ac18524fd1244, type: 3}
      propertyPath: m_TagString
      value: Enemy
      objectReference: {fileID: 0}
    - target: {fileID: 6161001136062575486, guid: 38a1f432dd73b4a3c80ac18524fd1244, type: 3}
      propertyPath: m_RootOrder
      value: 0
      objectReference: {fileID: 0}
    - target: {fileID: 6161001136062575486, guid: 38a1f432dd73b4a3c80ac18524fd1244, type: 3}
      propertyPath: m_LocalPosition.x
      value: 0
      objectReference: {fileID: 0}
    - target: {fileID: 6161001136062575486, guid: 38a1f432dd73b4a3c80ac18524fd1244, type: 3}
      propertyPath: m_LocalPosition.y
      value: 0
      objectReference: {fileID: 0}
    - target: {fileID: 6161001136062575486, guid: 38a1f432dd73b4a3c80ac18524fd1244, type: 3}
      propertyPath: m_LocalPosition.z
      value: 0
      objectReference: {fileID: 0}
    - target: {fileID: 6161001136062575486, guid: 38a1f432dd73b4a3c80ac18524fd1244, type: 3}
      propertyPath: m_LocalRotation.w
      value: 1
      objectReference: {fileID: 0}
    - target: {fileID: 6161001136062575486, guid: 38a1f432dd73b4a3c80ac18524fd1244, type: 3}
      propertyPath: m_LocalRotation.x
      value: -0
      objectReference: {fileID: 0}
    - target: {fileID: 6161001136062575486, guid: 38a1f432dd73b4a3c80ac18524fd1244, type: 3}
      propertyPath: m_LocalRotation.y
      value: -0
      objectReference: {fileID: 0}
    - target: {fileID: 6161001136062575486, guid: 38a1f432dd73b4a3c80ac18524fd1244, type: 3}
      propertyPath: m_LocalRotation.z
      value: -0
      objectReference: {fileID: 0}
    - target: {fileID: 6161001136062575486, guid: 38a1f432dd73b4a3c80ac18524fd1244, type: 3}
      propertyPath: m_LocalEulerAnglesHint.x
      value: 0
      objectReference: {fileID: 0}
    - target: {fileID: 6161001136062575486, guid: 38a1f432dd73b4a3c80ac18524fd1244, type: 3}
      propertyPath: m_LocalEulerAnglesHint.y
      value: 59.506
      objectReference: {fileID: 0}
    - target: {fileID: 6161001136062575486, guid: 38a1f432dd73b4a3c80ac18524fd1244, type: 3}
      propertyPath: m_LocalEulerAnglesHint.z
      value: 0
      objectReference: {fileID: 0}
    - target: {fileID: 6830717398815467972, guid: 38a1f432dd73b4a3c80ac18524fd1244, type: 3}
      propertyPath: m_Name
      value: emoji_norman
      objectReference: {fileID: 0}
    m_RemovedComponents:
    - {fileID: 5911815196222025902, guid: 38a1f432dd73b4a3c80ac18524fd1244, type: 3}
  m_SourcePrefab: {fileID: 100100000, guid: 38a1f432dd73b4a3c80ac18524fd1244, type: 3}
--- !u!4 &9168950408476275029 stripped
Transform:
  m_CorrespondingSourceObject: {fileID: 6161001136062575486, guid: 38a1f432dd73b4a3c80ac18524fd1244, type: 3}
  m_PrefabInstance: {fileID: 3080147913296249387}
  m_PrefabAsset: {fileID: 0}
--- !u!114 &7471922626326599650 stripped
MonoBehaviour:
  m_CorrespondingSourceObject: {fileID: 5552789079038989769, guid: 38a1f432dd73b4a3c80ac18524fd1244, type: 3}
  m_PrefabInstance: {fileID: 3080147913296249387}
  m_PrefabAsset: {fileID: 0}
  m_GameObject: {fileID: 0}
  m_Enabled: 1
  m_EditorHideFlags: 0
  m_Script: {fileID: 11500000, guid: c0ceae23e89ce4d8c96533ff901f85b4, type: 3}
  m_Name: 
  m_EditorClassIdentifier: 
--- !u!1001 &9065289980739926743
PrefabInstance:
  m_ObjectHideFlags: 0
  serializedVersion: 2
  m_Modification:
    m_TransformParent: {fileID: 7768887202051262697}
    m_Modifications:
    - target: {fileID: 1387500762142075241, guid: f303f64566dc84f0d8f2114621f94029, type: 3}
      propertyPath: m_UseGravity
      value: 1
      objectReference: {fileID: 0}
    - target: {fileID: 1387500762142075241, guid: f303f64566dc84f0d8f2114621f94029, type: 3}
      propertyPath: m_IsKinematic
      value: 0
      objectReference: {fileID: 0}
    - target: {fileID: 4988429771307300799, guid: f303f64566dc84f0d8f2114621f94029, type: 3}
      propertyPath: m_Name
      value: EmojiDead
      objectReference: {fileID: 0}
    - target: {fileID: 4988429771307300799, guid: f303f64566dc84f0d8f2114621f94029, type: 3}
      propertyPath: m_IsActive
      value: 0
      objectReference: {fileID: 0}
    - target: {fileID: 5652482483555495173, guid: f303f64566dc84f0d8f2114621f94029, type: 3}
      propertyPath: m_RootOrder
      value: 1
      objectReference: {fileID: 0}
    - target: {fileID: 5652482483555495173, guid: f303f64566dc84f0d8f2114621f94029, type: 3}
      propertyPath: m_LocalPosition.x
      value: 0.26922926
      objectReference: {fileID: 0}
    - target: {fileID: 5652482483555495173, guid: f303f64566dc84f0d8f2114621f94029, type: 3}
      propertyPath: m_LocalPosition.y
      value: 1
      objectReference: {fileID: 0}
    - target: {fileID: 5652482483555495173, guid: f303f64566dc84f0d8f2114621f94029, type: 3}
      propertyPath: m_LocalPosition.z
      value: -0.15855123
      objectReference: {fileID: 0}
    - target: {fileID: 5652482483555495173, guid: f303f64566dc84f0d8f2114621f94029, type: 3}
      propertyPath: m_LocalRotation.w
      value: 1
      objectReference: {fileID: 0}
    - target: {fileID: 5652482483555495173, guid: f303f64566dc84f0d8f2114621f94029, type: 3}
      propertyPath: m_LocalRotation.x
      value: -0
      objectReference: {fileID: 0}
    - target: {fileID: 5652482483555495173, guid: f303f64566dc84f0d8f2114621f94029, type: 3}
      propertyPath: m_LocalRotation.y
      value: -0
      objectReference: {fileID: 0}
    - target: {fileID: 5652482483555495173, guid: f303f64566dc84f0d8f2114621f94029, type: 3}
      propertyPath: m_LocalRotation.z
      value: -0
      objectReference: {fileID: 0}
    - target: {fileID: 5652482483555495173, guid: f303f64566dc84f0d8f2114621f94029, type: 3}
      propertyPath: m_LocalEulerAnglesHint.x
      value: 0
      objectReference: {fileID: 0}
    - target: {fileID: 5652482483555495173, guid: f303f64566dc84f0d8f2114621f94029, type: 3}
      propertyPath: m_LocalEulerAnglesHint.y
      value: 0
      objectReference: {fileID: 0}
    - target: {fileID: 5652482483555495173, guid: f303f64566dc84f0d8f2114621f94029, type: 3}
      propertyPath: m_LocalEulerAnglesHint.z
      value: 0
      objectReference: {fileID: 0}
    m_RemovedComponents: []
  m_SourcePrefab: {fileID: 100100000, guid: f303f64566dc84f0d8f2114621f94029, type: 3}
--- !u!1 &4103930755865382248 stripped
GameObject:
  m_CorrespondingSourceObject: {fileID: 4988429771307300799, guid: f303f64566dc84f0d8f2114621f94029, type: 3}
  m_PrefabInstance: {fileID: 9065289980739926743}
  m_PrefabAsset: {fileID: 0}
--- !u!4 &3728918832855144402 stripped
Transform:
  m_CorrespondingSourceObject: {fileID: 5652482483555495173, guid: f303f64566dc84f0d8f2114621f94029, type: 3}
  m_PrefabInstance: {fileID: 9065289980739926743}
  m_PrefabAsset: {fileID: 0}
